<?xml version="1.0" encoding="UTF-8"?><collection xmlns="http://www.loc.gov/MARC21/slim"><record><leader>00662nam--2200181-i-4500</leader><controlfield tag="001">000000018</controlfield><controlfield tag="002">20161230</controlfield><controlfield tag="005">20170117112456</controlfield><controlfield tag="008">060222s1000------------r-----000-0-eng-d</controlfield><datafield ind1=" " ind2=" " tag="020"><subfield code="a">9971502364</subfield></datafield><datafield ind1=" " ind2=" " tag="040"><subfield code="a">IFIN-HH</subfield></datafield><datafield ind1=" " ind2=" " tag="080"><subfield code="a">530.1:524.8(061.3)</subfield></datafield><datafield ind1="1" ind2=" " tag="100"><subfield code="a">Haber, Howard E</subfield></datafield><datafield ind1="1" ind2="0" tag="245"><subfield code="a">From the Planck Scale to the Weak Scale: Toward a Theory of the Universe</subfield><subfield code="b">Proceedings of the Theoretical Advanced Study Institute in Elementary Particle Physics, University of California, Santa Cruz 1986 Volume 2</subfield><subfield code="c">Howard E. Haber (ed.)</subfield></datafield><datafield ind1=" " ind2=" " tag="260"><subfield code="a">Singapore</subfield><subfield code="b">World Scientific</subfield><subfield code="c">1987</subfield></datafield><datafield ind1=" " ind2=" " tag="300"><subfield code="a">V+/497/953P</subfield></datafield><datafield ind1=" " ind2=" " tag="852"><subfield code="a">74673</subfield><subfield code="c">523</subfield></datafield><datafield ind1=" " ind2=" " tag="CAT"><subfield code="a">SYS</subfield><subfield code="c">20170117</subfield><subfield code="h">112456</subfield></datafield></record></collection>